@misc{Bcc,
title = {Bcc},
howpublished={\url{https://www.bcc.org/en/home/}},
year = {2015-2019}
}

@article{Zahnentferner18-Chimeric,
  author    = {Joachim Zahnentferner},
  title     = {Chimeric Ledgers: Translating and Unifying {UTxO}-based and Account-based
               Cryptocurrencies},
  journal   = {{IACR} Cryptology ePrint Archive},
  volume    = {2018},
  pages     = {262},
  year      = {2018},
  url       = {http://eprint.iacr.org/2018/262},
  timestamp = {Tue, 14 Aug 2018 17:08:26 +0200},
  biburl    = {https://dblp.org/rec/bib/journals/iacr/Zahnentferner18},
  bibsource = {dblp computer science bibliography, https://dblp.org}
}


@article{Zahnentferner18-UTxO,
  author    = {Joachim Zahnentferner},
  title     = {An Abstract Model of {UTxO}-based Cryptocurrencies with Scripts},
  journal   = {{IACR} Cryptology ePrint Archive},
  volume    = {2018},
  pages     = {469},
  year      = {2018},
  url       = {https://eprint.iacr.org/2018/469},
  timestamp = {Tue, 14 Aug 2018 17:08:11 +0200},
  biburl    = {https://dblp.org/rec/bib/journals/iacr/Zahnentferner18a},
  bibsource = {dblp computer science bibliography, https://dblp.org}
}


@misc{Bitcoin-script,
title={{Bitcoin Script} reference guide},
year={2013--2018},
howpublished={\url{https://en.bitcoin.it/wiki/Script}}
}

@misc{Nakamoto,
title={{Bitcoin: A Peer-to-Peer Electronic Cash System}},
author={S. Nakamoto},
month={October},
year={2008},
howpublished={\url{https://bitcoin.org/en/bitcoin-paper}}
}

@misc{Solidity,
title={{Solidity documentation}},
year = {2016--2019},
howpublished={\url{https://solidity.readthedocs.io/}}
}

@misc{ERC-721,
title={{ERC-721 standard for non-fungible tokens in Ethereum}},
author= {Ethereum},
year = {2017},
howpublished={\url{http://erc721.org/}}
}
% Who exactly should the author be?

@inproceedings{Simplicity,
  author = {Russel O'Connor},
  title = {Simplicity: A New Language for Blockchains},
  booktitle = {Proceedings of the 2017 Workshop on Programming Languages and Analysis for Security},
  year = {2017}
}


@book{Narayanan-bitcoin,
 author = {Narayanan, Arvind and Bonneau, Joseph and Felten, Edward and Miller, Andrew and Goldfeder, Steven},
 title = {Bitcoin and Cryptocurrency Technologies: A Comprehensive Introduction},
 year = {2016},
 isbn = {0691171696, 9780691171692},
 publisher = {Princeton University Press},
 address = {Princeton, NJ, USA},
} 

@techreport{Bcc-wallet-spec,
author = {Duncan Coutts and Edsko de Vries},
title = {Formal specification for a {Bcc} wallet},
note={Available at \url{https://bccdocs.com/files/formal-specification-of-the-bcc-wallet.pdf}},
institution={GodXCoin},
year={2018}
}

@techreport{Bcc-ledger-spec,
title = {A Formal Specification of the {Bcc} Ledger},
author={Jared Corduan and Polina Vinogradova and Matthias G{\"u}demann},
note={Available at \url{https://github.com/The-Blockchain-Company/bcc-ledger-specs}},
institution={GodXCoin},
year={2019}
}


@techreport{Zerepoch-Core-spec,
title = {{Formal Specification of the Zerepoch Core Language}},
note={Available at \url{https://github.com/The-Blockchain-Company/zerepoch/tree/master/zerepoch-core-spec}},
author={GodXCoin},
institution={GodXCoin},
year={2019}
}


@book{Zerepoch-book,
title={{Zerepoch: Writing Reliable Smart Contracts}},
author={Lars Br{\"u}njes and Polina Vinogradova},
note={Available at \url{https://github.com/The-Blockchain-Company/zerepoch/tree/master/zerepoch-book}},
institution={GodXCoin},
year={2019}
}